@misc{server,
author = "Joseph Ottinger",
title = "What is an app server?",
year = "2008",
url = "http://www.theserverside.com/news/1363671/What-is-an-App-Server"
}

@misc{node,
author = "",
title = "Nodejs Documentation",
year = "2017",
url = "https://nodejs.org/en/about/"
}

@misc{github-js,
author = "",
title = "Number of JavaScript repositories on Github",
year = "2017",
url = "https://github.com/search?o=desc&q=stars%3A%3E1&s=stars&type=Repositories"
}

@misc{dotnet,
author = "Maira Wenzel",
title = ".NET Core",
year = "2017",
url = "https://docs.microsoft.com/en-us/dotnet/framework/get-started/net-core-and-open-source"
}